@online{arcore,
    author    = "Google LLC",
    title     = "ARCore Documentation",
    url       = "https://developers.google.com/ar",
    urldate   = "2021-09-11"
}

@online{arkit,
    author    = "Apple Inc.",
    title     = "Apple ARKit Documentation",
    url       = "https://developer.apple.com/documentation/arkit",
    urldate   = "2021-09-11"
}

@online{arflutterplugin,
    author    = "Carius Lars",
    title     = "ar-flutter-plugin: Flutter Plugin for AR - GitHub",
    url       = "https://github.com/CariusLars/ar_flutter_plugin",
    urldate   = "2021-09-11"
}

@online{flutter,
    author    = "Google LLC",
    title     = "Flutter Documentation",
    url       = "https://flutter.dev/docs",
    urldate   = "2021-09-11"
}

@online{fluttergalery,
    author    = "Google LLC",
    title     = "Flutter Gallery",
    url       = "https://gallery.flutter.dev/",
    urldate   = "2021-09-11"
}

@online{android,
    author    = "Google LLC",
    title     = "Android Documentation",
    url       = "https://developer.android.com/",
    urldate   = "2021-09-11"
}

@online{ios,
    author    = "Apple Inc.",
    title     = "Apple Developer Documentation",
    url       = "https://developer.apple.com/documentation/",
    urldate   = "2021-09-11"
}

@online{tex,
    author    = "TeX Users Group",
    title     = "Getting started with TeX, LaTeX, and friends",
    url       = "https://www.tug.org/begin.html",
    urldate   = "2021-09-11"
}

@online{cgtrader,
    author    = "CGTrader",
    title     = "3D Models for VR / AR and CG projects",
    url       = "https://www.cgtrader.com/",
    urldate   = "2021-09-11"
}

@online{yt1,
    author    = "Oleksandr Leuschenko | Flutter Europe",
    title     = "Augmented Reality in Flutter",
    url       = "https://www.youtube.com/watch?v=lmiRYar996w",
    urldate   = "2021-09-11"
}

@online{yt2,
    title     = "Flutter ArKit Tutorial for Beginners - IOS AR",
    url       = "https://www.youtube.com/watch?v=Du_xxiDyo1A",
    urldate   = "2021-09-11"
}